@MISC{Woodland_Trust_undated-gv,
  title        = "Chaffinch",
  author       = "{Woodland Trust}",
  abstract     = "Chaffinches are a favourite colourful garden bird and the
                  most common finch species in the country.",
  howpublished = "\url{https://www.woodlandtrust.org.uk/trees-woods-and-wildlife/animals/birds/chaffinch/}",
  note         = "Accessed: 2020-11-12"
}

@MISC{noauthor_undated-dy,
  title        = "Chaffinch",
author       = "{RSPB}",
  abstract     = "The chaffinch is the UK's second commonest breeding bird, and
                  is arguably the most colourful of the UK's finches. Find out
                  more",
  howpublished = "\url{https://www.rspb.org.uk/birds-and-wildlife/wildlife-guides/bird-a-z/chaffinch/}",
  note         = "Accessed: 2020-11-12"
}
